% !TEX encoding = UTF-8

@online{ApacheKafka,
	title={Kafka 3.9 Documentation},
	url={https://kafka.apache.org/documentation/},
	urldate={2024-12-16},
}

@online{ExactlyOnce,
	title={What does Kafka's exactly-once processing really mean?},
	url={https://softwaremill.com/what-kafka-exactly-once-really-means/},
	urldate={2024-12-16},
}

@online{WebSocketW3C,
	title={Was ist Websockets?},
	url={https://www.it-visions.de/glossar/alle/6283/Websockets.aspx},
	urldate={2024-12-16}, 
}

@online{WebSocketHeise,
	title={WebSocket: Ann√§herung an Echtzeit im Web},
	url={https://www.heise.de/hintergrund/WebSocket-Annaeherung-an-Echtzeit-im-Web-1260189.html?seite=all},
	urldate={2024-12-16}, 
}